@article{shekhovtsov2008efficient,
  title={Efficient MRF deformation model for non-rigid image matching},
  author={Shekhovtsov, Alexander and Kovtun, Ivan and Hlav{\'a}{\v{c}}, V{\'a}clav},
  journal={Computer Vision and Image Understanding},
  volume={112},
  number={1},
  pages={91--99},
  year={2008},
  publisher={Elsevier}
}

@phdthesis{kovtun2004image,
  title={Image segmentation based on sufficient conditions of optimality in NP-complete classes of structural labelling problem},
  author={Kovtun, I},
  year={2004},
  school={PhD thesis, IRTC ITS National Academy of Sciences, Ukraine, 2004.(In Ukranian)}
}

@article{besag1986,
     title = {On the Statistical Analysis of Dirty Pictures},
     author = {Besag, Julian},
     journal = {Journal of the Royal Statistical Society. Series B (Methodological)},
     volume = {48},
     number = {3},
     pages = {pp. 259-302},
     ISSN = {00359246},
     language = {English},
     year = {1986},
     publisher = {Wiley for the Royal Statistical Society},
     copyright = {Copyright Â© 1986 Royal Statistical Society},
}

@article{kolmogorov2006convergent,
  title={Convergent tree-reweighted message passing for energy minimization},
  author={Kolmogorov, Vladimir},
  journal={Pattern Analysis and Machine Intelligence, IEEE Transactions on},
  volume={28},
  number={10},
  pages={1568--1583},
  year={2006},
  publisher={IEEE}
}

@article{wang2013markov,
  title={Markov Random Field modeling, inference \& learning in computer vision \& image understanding: A survey},
  author={Wang, Chaohui and Komodakis, Nikos and Paragios, Nikos},
  journal={Computer Vision and Image Understanding},
  volume={117},
  number={11},
  pages={1610--1627},
  year={2013},
  publisher={Elsevier}
}
