@article{shekhovtsov2008efficient,
  title={Efficient MRF deformation model for non-rigid image matching},
  author={Shekhovtsov, Alexander and Kovtun, Ivan and Hlav{\'a}{\v{c}}, V{\'a}clav},
  journal={Computer Vision and Image Understanding},
  volume={112},
  number={1},
  pages={91--99},
  year={2008},
  publisher={Elsevier}
}